@MANUAL{almy,
TITLE="{XLISP-PLUS: Another Object-oriented Lisp}",
AUTHOR="T. Almy",
YEAR=1993,
NOTE="Version 2.1f"}

@BOOK{tierney,
TITLE="{LISP-STAT. An Object-Oriented Environment for Statistical
Computing and Dynamic Graphics}",
AUTHOR="L. Tierney",
YEAR=1990,
PUBLISHER="Wiley",
ADDRESS="New York, NY"}

@BOOK{graham,
TITLE="{On Lisp. Advanced Techniques for Common Lisp}",
AUTHOR="P. Graham",
YEAR=1994,
PUBLISHER="Prentice Hall",
ADDRESS="Englewood Cliffs, NJ"}

@ARTICLE{tukey,
TITLE="{Bias and Confidence in not Quite Large Samples}",
AUTHOR="J. W. Tukey",
YEAR=1958,
JOURNAL="Annals of Mathematical Statistics",
VOLUME=29,
PAGES="614--614",
NOTE="Abstract"}

@ARTICLE{miller,
TITLE="{The Jackknife -- A Review}",
AUTHOR="R. G. Miller",
YEAR=1974,
JOURNAL="Biometrika",
VOLUME=61,
PAGES="1--17"}

@ARTICLE{hurt,
AUTHOR="J. Hurt",
TITLE="{Asymptotic Expansions of Functions of Statistics}",
JOURNAL="Aplikace Matematiky",
YEAR=1976,
VOLUME=21,
PAGES="444--456"}

@ARTICLE{hemel,
AUTHOR="J. Hemelrijk",
TITLE="{Underlining Random Variables}",
JOURNAL="Statistica Neerlandica",
YEAR = "1966",
PAGES = "1-7",
VOLUME = "20"}


 
@BOOK{efrtib,
TITLE="{Introduction to the Bootstrap}",
AUTHOR="B. Efron and R. J. Tibshirani",
YEAR=1993,
PUBLISHER="Chapman \& Hall",
ADDRESS="New York, NY"}
